@misc{Grinstein:2002:IVV,
  author = {Georges Grinstein and Daniel Keim and Matthew Ward},
  title = {Information Visualization, Visual Data Mining, and Its Application to Drug Design},
  howpublished = {IEEE Visualization Course \#1 Notes},
  month = {October},
  year = {2002},
	url = {http://vis.computer.org/vis2002/program/tutorials/tutorial_01_abstract.html}
}

@Article{Isenberg:2017:VMC,
  author = {Petra Isenberg and Florian Heimerl and Steffen Koch and Tobias Isenberg and Panpan Xu and Chad Stolper and Michael Sedlmair and Jian Chen and Torsten M{\"o}ller and John Stasko},
	title = {{vispubdata.org: A Metadata Collection about {IEEE} Visualization ({VIS}) Publications}},
	journal = {IEEE Transactions on Visualization and Computer Graphics},
	year = {2017},
	volume = {23},
	doi = {https://doi.org/10.1109/TVCG.2016.2615308},
}

@mastersthesis{Kindlmann:1999:SAG,
  author = {Gordon Kindlmann},
  title = {Semi-Automatic Generation of Transfer Functions for Direct Volume Rendering},
  school = {Cornell University},
	address = {USA},
	url = {http://www.graphics.cornell.edu/pubs/1999/Kin99.html},
  year = 1999,
}

@manual{Kitware:2003,
  title = {The Visualization Toolkit User's Guide},
  organization = {Kitware, Inc.},
  year = {2003},
  month = {January},
	url = {http://www.kitware.com/publications/item/view/1269}
}

@phdthesis{Levoy:1989:DSV,
  author = {Marc Levoy},
  title = {Display of Surfaces from Volume Data},
  school = {University of North Carolina at Chapel Hill},
	address = {USA},
	url = {http://www.cs.unc.edu/techreports/89-022.pdf},
  year = {1989},
}

@article{Lorensen:1987:MCA,
 author = {Lorensen, William E. and Cline, Harvey E.},
 title = {Marching Cubes: A High Resolution {3D} Surface Construction Algorithm},
 journal = {SIGGRAPH Computer Graphics},
 volume = {21},
 number = {4},
 month = aug,
 year = {1987},
 pages = {163--169},
 doi = {10.1145/37402.37422},
}

@article{Max:1995:OMF,
 author = {Max, Nelson},
 title = {Optical Models for Direct Volume Rendering},
 journal = {IEEE Transactions on Visualization and Computer Graphics},
 volume = {1},
 number = {2},
 month = jun,
 year = {1995},
 pages = {99--108},
 doi = {10.1109/2945.468400},
} 

@inproceedings{Nielson:1991:TAD,
  author = {Gregory M. Nielson and Bernd Hamann},
  title = {The Asymptotic Decider: Removing the Ambiguity in Marching Cubes},
  year = {1991},
  booktitle = {Proc.\ Visualization},
  pages = {83--91},
  doi={10.1109/VISUAL.1991.175782},
	publisher = {IEEE Computer Society},
	address = {Los Alamitos},
}

@book{Ware:2004:IVP,
  author = {Colin Ware},
  title = {Information Visualization: Perception for Design},
  edition = {2\textsuperscript{nd}},
  year = 2004,
  publisher = {Morgan Kaufmann Publishers Inc.},
  address = {San Francisco},
	doi = {https://doi.org/10.1016/B978-155860819-1/50001-7}
}

@ARTICLE{Wyvill:1986:DSS,
  author = {Wyvill, Geoff and McPheeters, Craig and Wyvill, Brian},
  title = {Data Structure for \emph{soft} Objects},
  journal = {The Visual Computer},
  year = {1986},
  volume = {2},
  pages = {227--234},
  number = {4},
  month = aug,
  doi = {10.1007/BF01900346}
}

@article{correll2014error,
  title={Error bars considered harmful: Exploring alternate encodings for mean and error},
  author={Correll, Michael and Gleicher, Michael},
  journal={IEEE transactions on visualization and computer graphics},
  volume={20},
  number={12},
  pages={2142--2151},
  year={2014},
  publisher={IEEE}
}

@article{helske2021can,
  title={Can visualization alleviate dichotomous thinking? Effects of visual representations on the cliff effect},
  author={Helske, Jouni and Helske, Satu and Cooper, Matthew and Ynnerman, Anders and Besancon, Lonni},
  journal={IEEE Transactions on Visualization and Computer Graphics},
  volume={27},
  number={8},
  pages={3397--3409},
  year={2021},
  publisher={IEEE}
}

@article{barrowman2003raindrop,
  title={Raindrop plots: a new way to display collections of likelihoods and distributions},
  author={Barrowman, Nicholas J and Myers, Ransom A},
  journal={The American Statistician},
  volume={57},
  number={4},
  pages={268--274},
  year={2003},
  publisher={Taylor \& Francis}
}

@article{haber1982perceptual,
  title={Perceptual components of computer displays},
  author={Haber, Ralph Norman and Wilkinson, Leland},
  journal={IEEE Computer Graphics and Applications},
  volume={2},
  number={03},
  pages={23--35},
  year={1982},
  publisher={IEEE Computer Society}
}

@article{newman2012bar,
  title={Bar graphs depicting averages are perceptually misinterpreted: The within-the-bar bias},
  author={Newman, George E and Scholl, Brian J},
  journal={Psychonomic bulletin \& review},
  volume={19},
  pages={601--607},
  year={2012},
  publisher={Springer}
}

@article{kruschke2018rejecting,
  title={Rejecting or accepting parameter values in Bayesian estimation},
  author={Kruschke, John K},
  journal={Advances in methods and practices in psychological science},
  volume={1},
  number={2},
  pages={270--280},
  year={2018},
  publisher={Sage Publications Sage CA: Los Angeles, CA}
}

